@comment{x-kbibtex-personnameformatting=<%l><, %f>}

@inproceedings{DBLP:conf/hotcloud/ZahariaCFSS10,
	author = "Zaharia, Matei and Chowdhury, Mosharaf and Franklin, Michael J. and Shenker, Scott and Stoica, Ion",
	booktitle = "{HotCloud}",
	editor = "Nahum, Erich M. and Xu, Dongyan",
	publisher = "{USENIX}",
	title = "{Spark: Cluster Computing with Working Sets}",
	year = "2010"
}

@article{DBLP:journals/cacm/DeanG08,
	author = "Dean, Jeffrey and Ghemawat, Sanjay",
	bibsource = "dblp computer science bibliography, http://dblp.org",
	journal = "Commun. {ACM}",
	title = "{MapReduce: simplified data processing on large clusters}",
	year = "2008"
}

@article{DBLP:journals/pvldb/BeyerEGBEKOS11,
	author = "Beyer, Kevin S. and Ercegovac, Vuk and Gemulla, Rainer and Balmin, Andrey and Eltabakh, Mohamed Y. and Kanne, Carl{-}Christian and {\"O}zcan, Fatma and Shekita, Eugene J.",
	journal = "{PVLDB}",
	title = "{Jaql: {A} Scripting Language for Large Scale Semistructured Data Analysis}",
	year = "2011"
}

@article{blackBoxes,
  title={{Opening the Black Boxes in Data Flow Optimization}},
  author={Hueske, Fabian and Peters, Mathias and Sax, Matthias J and Rheinl{\"a}nder, Astrid and Bergmann, Rico and Krettek, Aljoscha and Tzoumas, Kostas},
  journal={PVLDB},
  volume={5},
  number={11},
  year={2012},
  publisher={VLDB Endowment}
}

@article{DBLP:journals/pvldb/ChaikenJLRSWZ08,
	author = "Chaiken, Ronnie and Jenkins, Bob and Larson, Per{-}{\AA}ke and Ramsey, Bill and Shakib, Darren and Weaver, Simon and Zhou, Jingren",
	journal = "{PVLDB}",
	title = "{{SCOPE:} easy and efficient parallel processing of massive data sets}",
	year = "2008"
}

@inproceedings{DBLP:conf/cloud/BattreEHKMW10,
	author = "Battr{\'e}, Dominic and Ewen, Stephan and Hueske, Fabian and Kao, Odej and Markl, Volker and Warneke, Daniel",
	booktitle = "{ACM SoCC}",
	title = "{Nephele/PACTs: a programming model and execution framework for web-scale analytical processing}",
	year = "2010"
}

@article{DBLP:journals/pvldb/BuHBE10,
	author = "Bu, Yingyi and Howe, Bill and Balazinska, Magdalena and Ernst, Michael D.",
	journal = "{PVLDB}",
	title = "{HaLoop: Efficient Iterative Data Processing on Large Clusters}",
	year = "2010"
}

@misc{CUSTOM:web/Cascading,
	title = "{Cascading Project}",
  howpublished={\url{http://http://www.cascading.org/}}
}

@misc{CUSTOM:scala/spec,
  title = "Scala Language Reference",
  howpublished={\url{http://www.scala-lang.org/files/archive/spec/2.11/}}
}

@misc{scalding,
  title = "{Scalding Project}",
  howpublished={\url{http://github.com/twitter/scalding}}
}

@misc{scoobi,
title = "{Scoobi Project}",
howpublished={\url{http://github.com/nicta/scoobi}},
}



@article{DBLP:journals/pvldb/EwenTKM12,
	author = "Ewen, Stephan and Tzoumas, Kostas and Kaufmann, Moritz and Markl, Volker",
	journal = "{PVLDB}",
	title = "{Spinning Fast Iterative Data Flows}",
	year = "2012"
}

@book{Bird1997,
	added-at = "2008-06-13T00:37:05.000+0200",
	author = "Bird, Richard and de Moor, Oege",
	publisher = "Prentice Hall",
	title = "{The Algebra of Programming}",
	year = 1997
}

@inproceedings{DBLP:conf/sigmod/CheungMS14,
	author = "Cheung, Alvin and Madden, Samuel and Solar{-}Lezama, Armando",
	booktitle = "{ACM SIGMOD}",
	editor = "Dyreson, Curtis E. and Li, Feifei and {\"O}zsu, M. Tamer",
	title = "{Sloth: being lazy is a virtue (when issuing database queries)}",
	year = "2014"
}

@article{DBLP:journals/mscs/Wadler92,
  author    = {Philip Wadler},
  title     = {Comprehending Monads},
  journal   = {Mathematical Structures in Computer Science},
  year      = {1992},
}

@article{DBLP:journals/sigmod/BunemanLSTW94,
	author = "Buneman, Peter and Libkin, Leonid and Suciu, Dan and Tannen, Val and Wong, Limsoon",
	journal = "{SIGMOD} Record",
	title = "{Comprehension Syntax}",
	year = "1994"
}

@article{DBLP:journals/tcs/BunemanNTW95,
  author    = {Peter Buneman and
               Shamim A. Naqvi and
               Val Tannen and
               Limsoon Wong},
  title     = {Principles of Programming with Complex Objects and Collection Types},
  journal   = {Theor. Comput. Sci.},
  year      = {1995}
}

@article{DBLP:journals/jiis/GrustS99,
  author    = {Torsten Grust and
               Marc H. Scholl},
  title     = {How to Comprehend Queries Functionally},
  journal   = {J. Intell. Inf. Syst.},
  year      = {1999},
}

@phdthesis{DBLP:books/daglib/0008584,
  author    = {Torsten Grust},
  title     = {Comprehending Queries (PhD Thesis)},
  year      = {1999},
  school    = {Universit{\"{a}}t Konstanz},
}

@article{lambek1968fixpoint,
  title={A fixpoint theorem for complete categories},
  author={Lambek, Joachim},
  journal={Mathematische Zeitschrift},
  year={1968},
  publisher={Springer}
}

@book{ehrig2011fundamentals,
  title={Fundamentals of algebraic specification 1: Equations and initial semantics},
  author={Ehrig, Hartmut and Mahr, Bernd},
  year={2011},
  publisher={Springer Publishing Company, Incorporated}
}

@inproceedings{periscope,
  title={Spotting Code Optimizations in Data-Parallel Pipelines through PeriSCOPE.},
  author={Guo, Zhenyu and Fan, Xuepeng and Chen, Rishan and Zhang, Jiaxing and Zhou, Hucheng and McDirmid, Sean and Liu, Chang and Lin, Wei and Zhou, Jingren and Zhou, Lidong},
  booktitle={OSDI},
  pages={121--133},
  year={2012}
}

@inproceedings{burmako2013scala,
  title={Scala macros: let our powers combine!: on how rich syntax and static types work with metaprogramming},
  author={Burmako, Eugene},
  booktitle={Proceedings of the 4th Workshop on Scala},
  pages={3},
  year={2013},
  organization={ACM}
}

@inproceedings{delite,
  title={A domain-specific approach to heterogeneous parallelism},
  author={Chafi, Hassan and Sujeeth, Arvind K and Brown, Kevin J and Lee, HyoukJoong and Atreya, Anand R and Olukotun, Kunle},
  booktitle={ACM SIGPLAN Notices},
  year={2011}
}

@inproceedings{ferry,
  title={Ferry: Database-supported program execution},
  author={Grust, Torsten and Mayr, Manuel and Rittinger, Jan and Schreiber, Tom},
  booktitle={SIGMOD},
  year={2009},
  organization={ACM}
}

@inproceedings{jet,
  title={Jet: An embedded DSL for high performance big data processing},
  author={Ackermann, Stefan and Jovanovic, Vojin and Rompf, Tiark and Odersky, Martin},
  booktitle={BigData},
  year={2012}
}

@inproceedings{lms,
  title={Lightweight modular staging: a pragmatic approach to runtime code generation and compiled DSLs},
  author={Rompf, Tiark and Odersky, Martin},
  booktitle={Acm Sigplan Notices},
  year={2010},
  organization={ACM}
}

@inproceedings{piglatin,
 author = {Olston, Christopher and Reed, Benjamin and Srivastava, Utkarsh and Kumar, Ravi and Tomkins, Andrew},
 title = {Pig Latin: A Not-so-foreign Language for Data Processing},
 booktitle = {Proceedings of the 2008 ACM SIGMOD International Conference on Management of Data},
 series = {ACM SIGMOD},
 year = {2008}
}

@book{DBLP:books/aw/AhoSU86,
  author    = {Alfred V. Aho and
               Ravi Sethi and
               Jeffrey D. Ullman},
  title     = {Compilers: Princiles, Techniques, and Tools},
  year      = {1986},
  publisher = {Addison-Wesley},
} 

@inproceedings{dryadlinq,
  title={DryadLINQ: A System for General-Purpose Distributed Data-Parallel Computing Using a High-Level Language.},
  author={Yu, Yuan and Isard, Michael and Fetterly, Dennis and Budiu, Mihai and Erlingsson, {\'U}lfar and Gunda, Pradeep Kumar and Currey, Jon},
  booktitle={OSDI},
  year={2008}
}

@article{rlanguage,
  title={R: a language for data analysis and graphics},
  author={Ihaka, Ross and Gentleman, Robert},
  journal={Journal of Computational and Graphical Statistics},
  year={1996}
}

@misc{xquery,
  title={XQuery 1.0: An XML query language},
  author={Boag, Scott and Chamberlin, Don and Fern{\'a}ndez, Mary F and Florescu, Daniela and Robie, Jonathan and Sim{\'e}on, J{\'e}r{\^o}me and Stefanescu, Mugur},
  journal={W3C},
  year={2002}
}

@article{hive,
  title={Hive: a warehousing solution over a map-reduce framework},
  author={Thusoo, Ashish and Sarma, Joydeep Sen and Jain, Namit and Shao, Zheng and Chakka, Prasad and Anthony, Suresh and Liu, Hao and Wyckoff, Pete and Murthy, Raghotham},
  journal={VLDB},
  year={2009}
}

@inproceedings{linq,
  title={Linq: reconciling object, relations and xml in the. net framework},
  author={Meijer, Erik and Beckman, Brian and Bierman, Gavin},
  booktitle={ACM SIGMOD},
  year={2006}
}

@inproceedings{dryad,
  title={Dryad: distributed data-parallel programs from sequential building blocks},
  author={Isard, Michael and Budiu, Mihai and Yu, Yuan and Birrell, Andrew and Fetterly, Dennis},
  booktitle={ACM SIGOPS},
  year={2007}
}

@inproceedings{groupByChauduri,
  title={Including group-by in query optimization},
  author={Chaudhuri, Surajit and Shim, Kyuseok},
  booktitle={VLDB},
  year={1994}
}

@inproceedings{adtsForLinq,
  title={Algebraic data types for language-integrated queries},
  author={Giorgidze, George and Grust, Torsten and Ulrich, Alexander and Weijers, Jeroen},
  booktitle={Workshop on Data driven functional programming},
  year={2013},
  organization={ACM}
}

@inproceedings{yu2009distributed,
  title={Distributed aggregation for data-parallel computing: interfaces and implementations},
  author={Yu, Yuan and Gunda, Pradeep Kumar and Isard, Michael},
  booktitle={ACM SIGOPS},
  year={2009}
}

@article{graefe1993query,
  title={Query evaluation techniques for large databases},
  author={Graefe, Goetz},
  journal={ACM Computing Surveys},
  year={1993}
}

@article{stratosphere,
  title={The Stratosphere platform for Big Data Analytics},
  author={Alexandrov , Alexander  and Bergmann, Rico  and Ewen, Stephan  and Freytag, Johann-Christoph  and Hueske, Fabian  and Heise, Arvid  and Kao, Odej  and Leich, Marcus  and  Leser, Ulf  and Markl, Volker and Naumann, Felix and Peters, Mathias and Rheinlaender, Astrid  and Sax, Matthias J. and Schelter,Sebastian and  Hoeger, Mareike  and Tzoumas, Kostas and Warneke, Daniel},
  journal={VLDB Journal},
  year={2014}
}

@inproceedings{scopeOptimizer,
  title={Incorporating partitioning and parallel plans into the SCOPE optimizer},
  author={Zhou, Jingren and Larson, P-A and Chaiken, Ronnie},
  booktitle={ICDE},
  year={2010}
}

@INPROCEEDINGS{Meijer91functionalprogramming,
    author = {Erik Meijer and Maarten Fokkinga and Ross Paterson},
    title = {Functional Programming with Bananas, Lenses, Envelopes and Barbed Wire},
    booktitle = {},
    year = {1991},
    pages = {124--144},
    publisher = {Springer-Verlag}
}


@article{kim1982,
  title={On optimizing an SQL-like nested query},
  author={Kim, Won},
  journal={ACM Transactions on Database Systems (TODS)},
  volume={7},
  number={3},
  pages={443--469},
  year={1982},
  publisher={ACM}
}

@article{cha2010measuring,
  title={Measuring User Influence in Twitter: The Million Follower Fallacy.},
  author={Cha, Meeyoung and Haddadi, Hamed and Benevenuto, Fabricio and Gummadi, P Krishna},
  journal={ICWSM},
  year={2010}
}

@inproceedings{DBLP:conf/pldi/MurrayIY11,
  author    = {Derek Gordon Murray and
               Michael Isard and
               Yuan Yu},
  editor    = {Mary W. Hall and
               David A. Padua},
  title     = {Steno: automatic optimization of declarative queries},
  booktitle = {Proceedings of the 32nd {ACM} {SIGPLAN} Conference on Programming
               Language Design and Implementation, {PLDI} 2011, San Jose, CA, USA,
               June 4-8, 2011},
  pages     = {121--131},
  publisher = {{ACM}},
  year      = {2011},
  url       = {http://doi.acm.org/10.1145/1993498.1993513},
  doi       = {10.1145/1993498.1993513},
  timestamp = {Tue, 07 Jun 2011 16:07:38 +0200},
  biburl    = {http://dblp.uni-trier.de/rec/bib/conf/pldi/MurrayIY11},
  bibsource = {dblp computer science bibliography, http://dblp.org}
}
